@Article{Shannon:1949:CTS,
  author =       "Claude E. Shannon",
  title =        "Communication Theory of Secrecy Systems",
  journal =      j-BELL-SYST-TECH-J,
  fjournal =     "The Bell System Technical Journal",
  volume =       "28",
  number =       "4",
  pages =        "656--715",
  month =        "oct",
  year =         "1949",
  CODEN =        "BSTJAN",
  ISSN =         "0005-8580",
  MRclass =      "60.0X",
  bibdate =      "Sat Sep 25 10:52:04 2004",
  bibsource =    "http://www.math.utah.edu/pub/tex/bib/cryptography.bib",
  note =         "A footnote on the initial page says: ``The material in
                 this paper appeared in a confidential report, `A
                 Mathematical Theory of Cryptography', dated Sept.~1,
                 1946, which has now been declassified.''.",
  URL =          "http://netlab.cs.ucla.edu/wiki/files/shannon1949.pdf",
  author-dates = "Claude Elwood Shannon (April 30, 1916--February 24, 2001)",
  remark =       "The Wikipedia entry credits this paper as the
                 foundation of modern cryptography. Diffie and Hellman
                 \cite[page 653]{Diffie:1976:NDC} remark: ``Shannon
                 [this paper] showed that the one time pad systems,
                 which had been in use since the late twenties [1920s]
                 offered `perfect security' (a form of unconditional
                 security).''",
   language =    "English",
}

@book{Shannon:1963,
	hyphenation = {Russian},
	author 		= {Шеннон, К.},
	year 			= {1963},
	title 		= {Работы по теории информации и кибернетике},
	publisher = {ИЛ},
	address 	= {М.},
	language = {Russian}
}

@book{GOST-89,
	hyphenation = {Russian},
	title			= {ГОСТ 28147-89. Издание официальное. Системы обработки информации. Защита криптографическая. Алгоритм криптографического преобразования},
	publisher	= {Изд-во стандартов},
	address		= {М.},
	year			= {1996},
	language  = {Russian}
}

@misc{html4:1999,
	author				= {Raggett, Dave and Hors, Arnaud Le and Jacobs, Ian},
	file 					= {HTML 4.01 Specification.pdf:HTML 4.01 Specification.pdf:PDF},
	howpublished	= {W3C Recommendation},
  month 				= {December},
  title 				= {HTML 4.01 Specification},
  url 					= {http://www.w3.org/TR/html4},
  year 					= 1999
}

@book{AlZKCh:2001,
    author    = "Алферов, А. П. and Зубов, А. Ю. and Кузьмин, А. С. and Черемушкин, А. В.",
    title     = "Основы криптографии учеб. пособие",
    year      = "2001",
    publisher = "Гелиос АРВ",
    address   = "М.",
		isbn      = "5-85438-137-0",
		language  = {Russian}
}

@article{aks:2002,
    author	= {Manindra Agrawal and Neeraj Kayal and Nitin Saxena},
    title		= {PRIMES is in P},
    journal	= {Ann. of Math},
    year		= {2002},
    volume	= {2},
    pages		= {781--793},
		doi			= {10.4007/annals.2004.160.781},
		url			= {http://www.cse.iitk.ac.in/users/manindra/algebra/primality_v6.pdf}
}

@incollection{FL-2006-149,
	year			=	{2006},
	title			=	{Об информации, информатизации и защите информации: Фед. закон РФ от 27.07.2006 № 149-ФЗ},
	booktitle	=	{Собрание законодательства РФ. №31 (ч. 1). Ст. 3448},
	language  = {Russian}
}

@misc{jdbc:2006,
  title 				= {JSR-000221 JDBC 4.0},
  author				= {Andersen, Lance},
  howpublished 	= {Java Community Process specification},
  language 			= {english},
  url 					= {http://jcp.org/aboutJava/communityprocess/final/jsr221/index.html},
  year 					= {2006}
}

@book{GabPil:2007,
	author 		= {Габидулин, Э.М. and Пилипчук, Н.И.},
	year 			= {2007},
	title 		= {Лекции по теории информации: учебное пособие},
	publisher = {МФТИ},
	address 	= {М.},
	pages     = {214},
	isbn			= {5-7417-0197-3},
	language  = {Russian}
}

